@ARTICLE{bischl-et-al,
    author={Bischl B. and Kerschke P. and Kotthoff L. and Lindauer M. and Malitsky Y. and Fréchette A. and Hoos H. and Hutter F. and Leyton-Brown K. and Tierney K. and others},
    journal={Artificial Intelligence},
    title={A benchmark library for algorithm selection},
    year={2016},
    number={237},
    pages={41–58},
}

@book{brazdil:p,
author = {Vanschoren, Joaquin and Soares, Carlos and Brazdil, Pavel and Kotthoff, Lars},
year = {2014},
month = {08},
pages = {},
title = {Meta-Learning and Algorithm Selection}
}

@misc{calandra-et-al,
title={Workshop on Meta-Learning (MetaLearn 2017)},
url={http://metalearning.ml/2017/},
journal={metalearning},
author={Calandra, Roberto},
year={2020}
}

@article{chen-et-al,
author = {Chen, Fei and Dong, Zhenhua and Li, Zhenguo and He, Xiuqiang},
year = {2018},
month = {02},
pages = {},
title = {Federated Meta-Learning for Recommendation}
}

@inproceedings{collins-et-al2018,
  title={A Novel Approach to Recommendation Algorithm Selection using Meta-Learning.},
  author={Collins, Andrew and Tkaczyk, Dominika and Beel, Joeran},
  booktitle={AICS},
  pages={210--219},
  year={2018}
}

@book{hutter-et-al,
author = {Hutter, Frank and Kotthoff, Lars and Vanschoren, Joaquin},
year = {2019},
month = {01},
pages = {},
title = {Automated Machine Learning - Methods, Systems, Challenges}
}

@unknown{lindauer-et-al,
author = {Lindauer, Marius and van Rijn, Jan and Kotthoff, Lars},
year = {2018},
month = {05},
pages = {},
title = {The Algorithm Selection Competition Series 2015-17}
}

@inproceedings{romero-et-al,
author = {Romero, Cristóbal and Olmo Ortiz, Juan Luis and Ventura, Sebastian},
year = {2013},
month = {01},
pages = {},
title = {A meta-learning approach for recommending a subset of white-box classification algorithms for Moodle datasets}
}

@article{vartak-et-al,
title={A Meta-Learning Perspective on Cold-Start Recommendations for Items. Advances in Neural Information Processing Systems},
author={Vartak, M and Thiagarajan, A and Miranda, C and Bratman, J and Larochelle, H},
year={2017},
pages={6907–6917}
}

@article{xu-et-al, 
title={SATzilla: Portfolio-based Algorithm Selection for SAT},
volume={32},
DOI={10.1613/jair.2490}, 
journal={Journal of Artificial Intelligence Research}, 
author={Xu, L. and Hutter, F. and Hoos, H. H. and Leyton-Brown, K.},
year={2008}, 
pages={565-606}
}

@misc{william-et-al,
title={Breast cancer Wisconsin (diagnostic) data set},
url={http://archive.ics.uci.edu/ml/},
author={William H Wolberg, W Nick Street, and Olvi L Mangasarian},
journal={UCI Machine Learning Repository},
year={1992}
}

@misc{brendan-et-al,
title={Federated Learning: Collaborative Machine Learning without Centralized Training Data},
url={https://ai.googleblog.com/2017/04/federated-learning-collaborative.html},
journal={Google AI Blog},
author={McMahan, Brendan and Ramage, Daniel},
year={2017}
}

@article{bradley-et-al,
title={Least angle regression}, 
volume={32},
DOI={10.1214/009053604000000067},
number={2}, 
journal={The Annals of Statistics},
author={Tibshirani, Robert and Johnstone, Iain and Hastie, Trevor and Efron, Bradley}, 
year={2004},
pages={407-499}
}

@book{fisher:r, 
place={New York}, 
title={Contributions to mathematical statistics}, 
publisher={Wiley}, 
author={Fisher, Ronald Aylmer}, 
year={1950},
pages={Annual Eugenics, 7, Part II, 179-188 (1936)}
}

@misc{lichman:m,
title={UCI Machine Learning Repository: Wine Dataset}, 
url={https://archive.ics.uci.edu/ml/datasets/wine}, 
journal={Archive.ics.uci.edu},
year={1991}
}

@article{harrison-et-al,
author = {Harrison, David and Rubinfeld, Daniel},
year = {1978},
month = {03},
pages = {81-102},
title = {Hedonic housing prices and the demand for clean air},
volume = {5},
journal = {Journal of Environmental Economics and Management},
doi = {10.1016/0095-0696(78)90006-2}
}

@inproceedings{feurer:m,
author = {Feurer, Matthias and Klein, Aaron and Eggensperger, Katharina and Springenberg, Jost Tobias and Blum, Manuel and Hutter, Frank},
title = {Efficient and Robust Automated Machine Learning},
year = {2015},
publisher = {MIT Press},
address = {Cambridge, MA, USA},
booktitle = {Proceedings of the 28th International Conference on Neural Information Processing Systems - Volume 2},
pages = {2755–2763},
numpages = {9},
location = {Montreal, Canada},
series = {NIPS’15}
}

@article{kotthoff:l,
  author  = {Lars Kotthoff and Chris Thornton and Holger H. Hoos and Frank Hutter and Kevin Leyton-Brown},
  title   = {Auto-WEKA 2.0: Automatic model selection and hyperparameter optimization in WEKA},
  journal = {Journal of Machine Learning Research},
  year    = {2017},
  volume  = {18},
  number  = {25},
  pages   = {1-5},
  url     = {http://jmlr.org/papers/v18/16-261.html}
}

@article{mohr:f,
author = {Mohr, Felix and Wever, Marcel and Hüllermeier, Eyke},
year = {2018},
month = {07},
pages = {},
title = {ML-Plan: Automated machine learning via hierarchical planning},
volume = {107},
journal = {Machine Learning},
doi = {10.1007/s10994-018-5735-z}
}

@inproceedings{mansoury:m,
author = {Mansoury, Masoud and Burke, Robin},
year = {2019},
month = {04},
pages = {},
title = {Algorithm selection with librec-auto}
}

@article{scikit-learn,
 title={Scikit-learn: Machine Learning in {P}ython},
 author={Pedregosa, F. and Varoquaux, G. and Gramfort, A. and Michel, V.
         and Thirion, B. and Grisel, O. and Blondel, M. and Prettenhofer, P.
         and Weiss, R. and Dubourg, V. and Vanderplas, J. and Passos, A. and
         Cournapeau, D. and Brucher, M. and Perrot, M. and Duchesnay, E.},
 journal={Journal of Machine Learning Research},
 volume={12},
 pages={2825--2830},
 year={2011}
}

@misc{Dua:2019 ,
author = "Dua, Dheeru and Graff, Casey",
year = "2017",
title = "{UCI} Machine Learning Repository",
url = "http://archive.ics.uci.edu/ml",
institution = "University of California, Irvine, School of Information and Computer Sciences" }

@article{telemetry-ds,
author = {Tsanas, Athanasios and Little, Max and Mcsharry, Patrick and Ramig, Lorraine},
year = {2009},
month = {11},
pages = {884-93},
title = {Accurate Telemonitoring of Parkinson's Disease Progression by Noninvasive Speech Tests},
volume = {57},
journal = {IEEE transactions on bio-medical engineering},
doi = {10.1109/TBME.2009.2036000}
}

@inproceedings{skin-ds,
author = {Bhatt, Rajen and Dhall, Abhinav and Sharma, Gaurav and Chaudhury, Santanu},
year = {2010},
month = {01},
pages = {1 - 4},
title = {Efficient Skin Region Segmentation Using Low Complexity Fuzzy Decision Tree Model},
journal = {Proceedings of INDICON 2009 - An IEEE India Council Conference},
doi = {10.1109/INDCON.2009.5409447}
}

@article{fml,
author = {Beel, Joeran}, 
year = {2019}, 
month = {04}, 
pages = {}, 
title = {Federated Meta-Learning: Democratizing Algorithm Selection Across Disciplines and Software Libraries}, 
doi = {10.13140/RG.2.2.25744.35844} 
}

@misc{dataset2vec,
    title={Dataset2Vec: Learning Dataset Meta-Features},
    author={Hadi S. Jomaa and Lars Schmidt-Thieme and Josif Grabocka},
    year={2019},
    eprint={1905.11063},
    archivePrefix={arXiv},
    primaryClass={cs.LG}
}

%% TO BE MODIFIED!!!!!
@book{flask,
author = {Grinberg, Miguel},
title = {Flask Web Development: Developing Web Applications with Python},
year = {2014},
isbn = {1449372627},
publisher = {O’Reilly Media, Inc.},
edition = {1st}
}
  
